<?xml version="1.0" encoding="UTF-8"?><record xmlns="http://www.loc.gov/MARC21/slim" xmlns:cinclude="http://apache.org/cocoon/include/1.0" xmlns:zs="http://www.loc.gov/zing/srw/">
  <leader>00495cz  a2200157n  4500</leader>
  <controlfield tag="001">no2010173928</controlfield>
  <controlfield tag="003">DLC</controlfield>
  <controlfield tag="005">20130327091243.0</controlfield>
  <controlfield tag="008">101026n| azannaabn          |a aaa     c</controlfield>
  <datafield tag="010" ind1=" " ind2=" ">
    <subfield code="a">no2010173928</subfield>
  </datafield>
  <datafield tag="035" ind1=" " ind2=" ">
    <subfield code="a">(OCoLC)oca08668615</subfield>
  </datafield>
  <datafield tag="040" ind1=" " ind2=" ">
    <subfield code="a">ItFiC</subfield>
    <subfield code="b">eng</subfield>
    <subfield code="e">rda</subfield>
    <subfield code="c">ItFiC</subfield>
    <subfield code="d">DLC</subfield>
  </datafield>
  <datafield tag="046" ind1=" " ind2=" ">
    <subfield code="f">1881</subfield>
  </datafield>
  <datafield tag="100" ind1="1" ind2=" ">
    <subfield code="a">Sulfàro, Antonio,</subfield>
    <subfield code="d">1881-</subfield>
  </datafield>
  <datafield tag="400" ind1="1" ind2=" ">
    <subfield code="w">nnea</subfield>
    <subfield code="a">Sulfàro, Antonio,</subfield>
    <subfield code="d">b. 1881</subfield>
  </datafield>
  <datafield tag="670" ind1=" " ind2=" ">
    <subfield code="a">L'ultimo corsaro del Mediterraneo, 2010:</subfield>
    <subfield code="b">t.p. (Antonio Sulfàro) p. 3 (b. Mar. 12, 1881 in Genoa, Italy)</subfield>
  </datafield>
</record>